<?xml version="1.0" encoding="UTF-8"?><record xmlns="http://www.loc.gov/MARC21/slim" xmlns:cinclude="http://apache.org/cocoon/include/1.0" xmlns:zs="http://www.loc.gov/zing/srw/">
  <leader>00734cz  a2200157n  4500</leader>
  <controlfield tag="001">n  87839420 </controlfield>
  <controlfield tag="003">DLC</controlfield>
  <controlfield tag="005">20120810083343.0</controlfield>
  <controlfield tag="008">870819n| acannaab           |a ana      </controlfield>
  <datafield tag="010" ind1=" " ind2=" ">
    <subfield code="a">n  87839420 </subfield>
  </datafield>
  <datafield tag="040" ind1=" " ind2=" ">
    <subfield code="a">DLC</subfield>
    <subfield code="b">eng</subfield>
    <subfield code="c">DLC</subfield>
    <subfield code="d">DLC</subfield>
  </datafield>
  <datafield tag="111" ind1="2" ind2=" ">
    <subfield code="a">NATO Advanced Study Institute on the Early Universe</subfield>
    <subfield code="d">(1986 :</subfield>
    <subfield code="c">Victoria, B.C.)</subfield>
  </datafield>
  <datafield tag="411" ind1="2" ind2=" ">
    <subfield code="a">Advanced Study Institute on the Early Universe, NATO</subfield>
  </datafield>
  <datafield tag="411" ind1="2" ind2=" ">
    <subfield code="a">Institute on the Early Universe, NATO Advanced Study</subfield>
  </datafield>
  <datafield tag="667" ind1=" " ind2=" ">
    <subfield code="a">THIS 1XX FIELD CANNOT BE USED UNDER RDA UNTIL THIS RECORD HAS BEEN REVIEWED AND/OR UPDATED</subfield>
  </datafield>
  <datafield tag="670" ind1=" " ind2=" ">
    <subfield code="a">Chemical transport in metasomatic processes, c1987:</subfield>
    <subfield code="b">CIP verso t.p. (NATO Advanced Study Institute on the Early Universe, Victoria, B.C., Canada, August 17-30, 1986)</subfield>
  </datafield>
</record>